3650 4714
930 269 1331 417 nrm,
1407 262 1559 399 ἐν.
1618 267 1995 452 Aqua.
2462 295 2481 307 ’
2569 287 2786 427 ¹³4³

336 493 498 628 :nist
527 496 622 593 de
675 484 1085 589 Annibale
1106 566 1135 608 ‚
1197 487 1605 629 caeterzsq}
1659 480 1991 593 talibus.
2049 492 2427 628 Qippe
2445 522 2493 586 a
2514 496 2807 592 Fando

341 633 672 732 Fabula
722 661 1063 729 nomen
1118 624 1400 730 habet.
1484 640 1785 772 Aeque
1863 626 2323 771 ambiguae
2386 629 2579 730 sunt
2623 662 2812 728 ver-

343 769 705 875 naculae
750 800 1007 872 vocet
1029 851 1059 896 ‚
1117 782 1408 870 Comes
1442 848 1472 893 ‚
1519 776 1895 874 Paroles.
1973 778 2411 911 Goropius
2435 777 2811 868 Becanus

345 919 442 1015 in
490 919 844 1042 Cronijs
892 919 1005 1011 ita
1048 909 1480 1048 loquitur:
1535 920 1718 1056 Qi
1742 913 2093 1042 fabulas
2120 908 2801 1046 'conscrspserung

344 1057 444 1153 id
486 1054 593 1181 est
625 1131 654 1173 ‚
727 1057 1164 1187 antiquam
1230 1053 1670 1178 historiam.
1781 1054 1985 1155 Esto
2056 1053 2430 1190 denique
2498 1078 2801 1150 verum

211 1201 238 1229 ‘
335 1189 528 1292 hoc
607 1191 989 1293 Diodori
1051 1188 1473 1331 probrum
1501 1272 1530 1319 ,
1592 1194 1688 1294 fit
1735 1191 2216 1295 fabularum
2266 1222 2543 1289 textor
2570 1262 2600 1310 ,
2657 1218 2807 1287 cur

334 1343 616 1434 omni
657 1329 827 1432 fere
861 1344 1181 1476 pagina
1224 1333 1461 1434 velut
1507 1331 1871 1478 infragili
1896 1328 2553 1478 propugnaculo
2580 1336 2808 1429 Dio·-

337 1472 545 1574 dori
639 1472 954 1611 scriptis
1050 1473 1499 1573 Cluuerius
1596 1485 1938 1579 nititur?
2032 1486 2209 1577 Vni
2275 1484 2463 1575 viro
2534 1463 2809 1569 fidem

359 1611 651 1715 modo
737 1614 1366 1740 commodate,
1450 1606 1740 1716 modo
1829 1617 2171 1716 demere
2243 1648 2388 1714 aut
2457 1613 2806 1712 leuitatis

335 1754 482 1855 est
524 1833 555 1874 ,
626 1786 769 1852 aut
831 1753 1198 1855 mlentis
1252 1763 1565 1854 cuneta
1611 1754 1965 1859 sensibus
2012 1756 2163 1857 suis
2207 1751 2636 1878 submitti,
2707 1785 2805 1850 ae

357 1928 661 2035 parere.
1587 1940 1602 1951 ·

568 2037 1136 2173 Peruagantur
1185 2030 1520 2132 vlterius
1569 2046 1953 2147 ἔπ’ῖιςωμέναι
1986 2028 2168 2140 ‘cmi
2219 2030 2468 2133 illius.
2504 2028 2811 2129 Hefio-
2930 2092 2933 2095 v

367 2166 532 2266 dus
573 2169 867 2273 multis
902 2206 1406 2310 temporum
1459 2168 1999 2313 parasangis,
2040 2197 2292 2307 atque
2335 2170 2554 2270 adeo
2607 2179 2811 2269 totis

353 2320 755 2412 trecentis
799 2323 1051 2440 annis
1099 2311 1527 2451 Aeschylo
1578 2311 1947 2450 superior
1971 2340 2355 2411 narrante
2402 2307 2814 2444 Diodoro

359 2459 480 2548 ait
546 2458 1139 2570 contrarium,
1225 2460 1664 2551 Orionem
1724 2448 2025 2548 scilicet
2093 2459 2183 2550 in
2253 2485 2544 2589 aperto
2599 2464 2815 2558 mari

356 2585 806 2724 aggeribus
854 2590 1420 2727 superstrustis
1449 2587 1929 2689 Peloriados
1970 2591 2344 2690 excitasse
2381 2626 2816 2730 promon-

365 2739 721 2828 torium.
795 2731 1133 2828 Pridem
1186 2741 1438 2871 igitur
1482 2729 1760 2832 aberat
1831 2725 1941 2828 ab
2012 2731 2241 2829 ltalia
2297 2733 2613 2831 Siciliae
2660 2763 2824 2828 ter-

361 2867 752 2970 rulcntae
793 2905 964 2968 ora.
1018 2877 1298 2997 Non,
1350 2911 1594 2973 none
1661 2870 1882 2969 versa
1934 2877 2114 2968 vice
2179 2870 2218 2970 s
2332 2869 2658 2971 *larum
2727 2880 2855 2972 in*

357 3008 716 3111 classem
768 3012 1158 3154 tantisper
1210 3009 1387 3111 hoc
1433 3020 1899 3151 ponimuS,
1960 3007 2179 3118 dum
2328 3023 2519 3111 rion
2589 3010 2832 3114 vadi·

379 3157 795 3247 monium
874 3150 1126 3253 obeat
1170 3150 1509 3254 sedente
1581 3185 1742 3289 pro
1809 3141 2207 3251 tribunali
2269 3151 2606 3270 Fazcllo
2657 3162 2821 3249 lta-

377 3285 674 3386 iorum
760 3287 1370 3417 lit‘eratiffimo,
1455 3305 1547 3392 δι
1606 3298 2089 3429 apparitoris
2163 3327 2310 3388 ore
2378 3291 2821 3389 Cluuetius

382 3424 656 3525 adstet
696 3504 721 3546 ‚
799 3435 1133 3533 causam
1203 3432 1539 3532 dicente
1607 3429 2162 3569 Valgatncra‚
2227 3463 2479 3569 atque
2526 3427 2822 3528 altrin-

385 3567 619 3666 secus
714 3566 1202 3711 disputante
1260 3574 1729 3705 Dausquio.
1824 3578 2041 3672 Vera
2120 3569 2216 3667 fit
2287 3608 2332 3666 a
2398 3567 2819 3669 Diodoro

387 3703 804 3837 narrati0‚
886 3723 1059 3838 veri
1107 3721 1454 3812 Orionis
1493 3706 1824 3823 labores
1885 3718 2162 3809 iactati
2227 3710 2512 3811 seculis
2569 3707 2829 3807 retro-

380 3841 737 3956 ,fioribus
766 3881 806 3981 ‘,
898 3861 1293 3956 maximo
1383 3850 1638 3955 nobis
1731 3861 1982 4090 erulrlit
2030 3887 2033 3900 ·
2073 3849 2504 3987 praesidio.
2597 3855 2829 3947 Ante
2922 3925 2933 3936 ,

1722 3993 1829 4093 H
2044 3995 2048 3999 Α
2561 3997 2831 4098 orio—
