3650 4714
986 319 1396 470 nrm,
1473 316 1628 449 ὃ*
1678 316 2052 499 Aqua,
2628 364 2785 480 47

312 529 566 640 ‘mani
615 570 804 640 uon
855 544 1104 676 pauci
1126 615 1153 662 ,
1198 532 1510 677 quibus
1556 534 1977 638 omnibus
2020 534 2579 638 mendacium
2607 547 2786 674 ini-ff

319 690 623 819 pingat
649 756 679 801 ‚
743 693 900 814 qui
966 676 1074 777 de
1121 675 1202 775 sc
1259 673 1467 776 alios
1546 679 1960 780 aestimat.
2034 677 2564 816 Prosequitur
2612 679 2786 782 Pli-

322 828 510 914 nius
539 853 569 909 =
616 821 1050 948 Speelante
1091 853 1134 913 e
1180 821 1364 915 via
1417 822 1762 938 Aemilia
1809 851 2117 948 magna
2171 823 2569 951 Equitum
2614 826 2782 920 Ro·
2861 870 2862 873 Ν
2909 816 2923 823 ’

314 985 751 1052 manorum
777 1032 806 1071 ‚
877 957 1488 1088 familiarumq.
1567 967 1677 1064 ’ω’
1717 964 2149 1056 viatorum
2221 957 2767 1056 multitudine.

326 1092 782 1190 Narrando
837 1094 1344 1192 miraculum
1400 1104 1825 1219 audiatur,
1871 1094 2139 1234 fitque
2171 1104 2321 1222 ijs,
2363 1104 2513 1232 qui
2557 1092 2779 1194 nihil

324 1240 870 1370 peregrinum
918 1232 1200 1332 videre
1250 1230 1502 1356 sueti,
1572 1232 2163 1334 incred1bilius.
2211 1238 2329 1330 At
2375 1234 2619 1370 quod
2665 1238 2779 1332 se-

328 1382 674 1506 quitur,
740 1382 1016 1508 priore
1068 1406 1388 1470 narratu
1448 1370 1815 1472 admiffo
1893 1368 2247 1472 confieri
2319 1408 2585 1506 prope
2633 1410 2777 1468 ne-

332 1508 542 1604 cesse
590 1510 758 1606 est:
804 1524 940 1610 Eo
988 1510 1362 1640 concursu
1406 1516 1695 1610 ‘villae
1746 1546 2011 1608 omnes
2039 1512 2315 1636 elzfhe,
2387 1514 2783 1608 animalia

308 1652 742 1782 permulta
776 1724 804 1766 ,
836 1684 1040 1782 quae
1070 1658 1306 1748 intra
1338 1650 1745 1774 famant,
1785 1654 2265 1748 exanimata
2257 1646 2471 1772 fiant
2493 1726 2521 1764 ‚
2559 1684 2775 1744 anno
2865 1726 2877 1735 .

328 1814 528 1884 ante
572 1784 882 1912 chiale
948 1788 1262 1886 bellum.
1346 1797 1492 1882 An
1569 1788 1777 1886 haec
1845 1788 2205 1926 preuidit
2261 1780 2565 1908 Iobus,
2637 1816 2783 1884 aut

330 1934 552 2060 paria
618 1940 1114 2058 praenouit?
1182 1920 1438 2022 Iobus
1486 1962 1557 2022 e.
1609 1968 1691 2062 9.
1747 1936 1927 2064 Qi
1963 1926 2387 2050 transtulit
2431 1954 2775 2042 montes,

344 2074 452 2166 θ’
504 2066 948 2188 nefit‘erunt
1000 2066 1136 2182 hi,
1186 2102 1378 2196 quos
1414 2064 1839 2188 ffibuertit
1883 2076 1967 2164 in
1993 2068 2293 2190 furore
2331 2062 2511 2188 fico,
2635 2108 2657 2146 a
2689 2072 2781 2158 ui

342 2230 782 2298 commouet
856 2230 1172 2300 terram
1262 2208 1355 2298 de
1422 2206 1588 2300 loco
1637 2204 1799 2330 suo
1849 2282 1873 2320 ,
1961 2212 2067 2306 {9²
2141 2202 2551 2296 columnae
2615 2204 2779 2294 eius

340 2348 962 2450 concutiuntur„
998 2342 1228 2478 Cap.
1268 2360 1388 2436 28.
1426 2344 1861 2438 Subuertit
1897 2376 1951 2436 a
1994 2336 2405 2438 radicibus
2433 2366 2769 2434 montes.

476 2490 722 2605 Quin
778 2490 958 2579 aeui
1008 2518 1372 2615 quoque
1418 2480 1687 2577 nostri
1709 2476 2411 2577 narratiunculam
2463 2474 2781 2609 produ-

342 2629 618 2713 cimus
650 2629 802 2717 ÷In
850 2619 1214 2755 Angliae
1258 2649 1530 2753 parte,
1579 2653 1793 2753 quae
1833 2653 2177 2753 propior
2213 2617 2333 2711 est
2387 2625 2779 2743 antiquae
2884 2648 2887 2651 ·

340 2763 828 2852 Britanniae
898 2767 1110 2853 circa
1158 2791 1488 2853 annum
1565 2765 2141 2855 Dominicum
2203 2753 2771 2849 MDLXXV.

338 2923 546 3003 terra
594 2905 706 2993 ita
756 2927 1006 2993 mota
1056 2895 1176 2995 est
1222 2893 1817 3019 vehementer,
1871 2927 1967 2993 vt
2013 2895 2258 2991 collis
2307 2927 2349 2983 e
2391 2889 2539 2985 suo
2563 2889 2769 2987 loco

328 3043 420 3131 in
486 3035 942 3171 planiciem
992 3116 1020 3157 ,
1066 3073 1282 3173 quae
1334 3037 1657 3133 alterius
1709 3067 1883 3129 ctat
1920 3107 1943 3151 ‚
1995 3033 2265 3171 pulsus
2321 3029 2619 3143 fuerit,
2675 3043 2769 3129 ἃ

334 3173 728 3311 planicies
774 3175 1074 3269 locum
1102 3257 1126 3295 ,
1188 3185 1278 3269 in
1314 3211 1492 3307 quo
1536 3173 1779 3271 collis
1823 3203 1989 3267 erat
2041 3205 2231 3267 ante
2261 3251 2285 3289 ‚
2313 3179 2769 3301 occuparit.

332 3327 614 3407 Anno
640 3323 892 3409 etiarn
922 3313 1893 3413 MDLXXXV!.mense
1923 3311 2183 3445 Aprili
2211 3321 2431 3405 iuxta
2455 3313 2765 3401 Bai-um

330 3483 702 3549 amnem
750 3461 840 3545 in
912 3449 1234 3549 ibernia
1276 3447 1609 3547 arbores
1637 3451 2381 3575 nonnullaeterrae
2423 3476 2673 3537 motu
2725 3481 2771 3539 e

221 3634 226 3640 ·
324 3591 482 3691 suis
518 3587 732 3685 locis
756 3597 844 3681 in
872 3591 1134 3686 alium
1164 3587 1390 3685 haud
1414 3601 1522 3685 ita
1559 3589 2227 3723 procul,emotae
2253 3583 2555 3703 sunt,in
2585 3621 2767 3719 quo

312 3761 556 3827 erant
609 3727 890 3863 spinae
920 3767 950 3821 τ
986 3721 1526 3863 vicissimque
1581 3725 1859 3861 spinae
1905 3739 1993 3823 in
2033 3727 2475 3857 pristinum
2515 3721 2765 3819 arbo-

308 3903 514 3971 rum
546 3867 854 3965 locum
906 3865 1366 3969 transsatae.
1434 3879 1685 3989 Quae
1719 3867 1899 3963 duo
1925 3865 2517 4005 indigenarum
2571 3895 2771 3955 om-

2519 4029 2770 4097 ntum
